@book{LucariniExtremesBook,
author="Valerio Lucarini",
title="Extremes and Recurrence in Dynamical Systems",
publisher="Wiley",
YEAR="2016",
}

@article{Galfi,
	author="Melinda Galfi and Tam\`as B\`odai and Valerio Lucarini",
	title="Convergence of Extreme Value Statistics in a Two-Layer Quasi-Geostrophic Atmospheric Model",
	journal="Complexity",
	year="2017",
}

@book{Coles,
	author="Stuart Coles",
	title="An Introduction to Statistical Modeling of Extreme Values",
	publisher="Springer",
	YEAR="2001",
}

@book{Ott,
	author="Edward Ott",
	title="Chaos in Dynamical Systems",
	publisher="Cambridge University Press",
	YEAR="2002",
}

@article{Ruelle,
	author="David Ruelle",
	title="A Review of Linear Response Theory for General Differentiable Dynamical Systems",
	journal="Nonlinearity",
	year="2009",
}

@article{Bodai,
	author="Tam\`as B\`odai and Valerio Lucarini and Frank Lunkeit",
	title="Linear Response Theory Applied to Geoengineering",
	journal="???",
	year="2018",
}

@article{LucariniClimateChange,
	author="Valerio Lucarini and Francesco Ragone and Frank Lunkeit",
	title="Predicting Climate Change Using Response Theory: Global Averages and Spatial Patterns",
	journal="Journal of Statistical Physics",
	year="2017",
}

@article{Abramov,
	author="Rafail V. Abramov and Andrew J. Majda",
	title="New Approximations and Tests of Linear Fluctuation-Response for Chaotic Nonlinear Forced-Dissipative Dynamical Systems",
	journal="Journal of Nonlinear Science",
	year="2008",
}