@book{LucariniExtremesBook,
author="Valerio Lucarini",
title="Extremes and Recurrence in Dynamical Systems",
publisher="Wiley",
YEAR="2016",
}

@article{Galfi,
	author="Melinda Galfi and Tamàs Bòdai and Valerio Lucarini",
	title="Convergence of Extreme Value Statistics in a Two-Layer Quasi-Geostrophic Atmospheric Model",
	journal="Complexity",
	year="2017",
}

@book{Coles,
	author="Stuart Coles",
	title="An Introduction to Statistical Modeling of Extreme Values",
	publisher="Springer",
	YEAR="2001",
}

@book{Ott,
	author="Edward Ott",
	title="Chaos in Dynamical Systems",
	publisher="Cambridge University Press",
	YEAR="2002",
}